<collection xmlns="http://www.loc.gov/MARC21/slim"><record><leader>00560nam  2200181   450</leader><controlfield tag="001">549</controlfield><controlfield tag="003">http://montalegre.opacnet.com/OPAC/default.aspx?ContentAreaControl=ShowRegHoldings.ascx&amp;RegNo=16662</controlfield><datafield tag="095" ind1=" " ind2=" "><subfield code="a">PTBN00341326</subfield></datafield><datafield tag="100" ind1=" " ind2=" "><subfield code="a">19910718f19001960m  y0pory010305  ba</subfield></datafield><datafield tag="101" ind1="1" ind2=" "><subfield code="a">por</subfield><subfield code="c">eng</subfield></datafield><datafield tag="102" ind1=" " ind2=" "><subfield code="a">PT</subfield></datafield><datafield tag="200" ind1="1" ind2=" "><subfield code="a">Férias em crome</subfield><subfield code="f">Aldous Huxley</subfield><subfield code="g">trad. João Monjardino</subfield></datafield><datafield tag="215" ind1=" " ind2=" "><subfield code="a">Lisboa</subfield><subfield code="c">Livros do Brasil.</subfield><subfield code="d">[19--]</subfield></datafield><datafield tag="225" ind1="2" ind2=" "><subfield code="a">Dois mundos</subfield></datafield><datafield tag="675" ind1=" " ind2=" "><subfield code="a">821</subfield><subfield code="v">BN</subfield><subfield code="z">por</subfield></datafield><datafield tag="700" ind1=" " ind2="1"><subfield code="a">Huxley</subfield><subfield code="b">Aldous</subfield><subfield code="f">1894-1963</subfield></datafield><datafield tag="702" ind1=" " ind2="1"><subfield code="a">Monjardino</subfield><subfield code="b">João</subfield><subfield code="4">730</subfield></datafield><datafield tag="801" ind1=" " ind2="0"><subfield code="a">PT</subfield><subfield code="b">Biblioteca Municipal de Montalegre</subfield><subfield code="g">RPC</subfield></datafield><datafield tag="909" ind1="&#9;" ind2=" "><subfield code="a">1</subfield></datafield><datafield tag="966" ind1=" " ind2=" "><subfield code="a">0008107</subfield><subfield code="l">BMM</subfield><subfield code="s">SCG 821 HUX fér</subfield></datafield></record></collection>